%YAML 1.1
%TAG !u! tag:unity3d.com,2011:
--- !u!1 &6389428637040385715
GameObject:
  m_ObjectHideFlags: 0
  m_CorrespondingSourceObject: {fileID: 0}
  m_PrefabInstance: {fileID: 0}
  m_PrefabAsset: {fileID: 0}
  serializedVersion: 6
  m_Component:
  - component: {fileID: 6389428637040385713}
  - component: {fileID: 6389428637040385714}
  - component: {fileID: 6389428637040385677}
  m_Layer: 0
  m_Name: Left Hand Presence Physics
  m_TagString: Untagged
  m_Icon: {fileID: 0}
  m_NavMeshLayer: 0
  m_StaticEditorFlags: 0
  m_IsActive: 0
--- !u!4 &6389428637040385713
Transform:
  m_ObjectHideFlags: 0
  m_CorrespondingSourceObject: {fileID: 0}
  m_PrefabInstance: {fileID: 0}
  m_PrefabAsset: {fileID: 0}
  m_GameObject: {fileID: 6389428637040385715}
  m_LocalRotation: {x: 0, y: 0, z: 0, w: 1}
  m_LocalPosition: {x: 0, y: 0, z: 0}
  m_LocalScale: {x: 0.2, y: 0.2, z: 0.2}
  m_Children:
  - {fileID: 5983502848534493378}
  m_Father: {fileID: 0}
  m_RootOrder: 0
  m_LocalEulerAnglesHint: {x: 0, y: 0, z: 0}
--- !u!114 &6389428637040385714
MonoBehaviour:
  m_ObjectHideFlags: 0
  m_CorrespondingSourceObject: {fileID: 0}
  m_PrefabInstance: {fileID: 0}
  m_PrefabAsset: {fileID: 0}
  m_GameObject: {fileID: 6389428637040385715}
  m_Enabled: 1
  m_EditorHideFlags: 0
  m_Script: {fileID: 11500000, guid: 99b4a737903b82a43bb95804a2149147, type: 3}
  m_Name: 
  m_EditorClassIdentifier: 
  controllerCharacteristics: 320
  handAnimator: {fileID: 5929449996086485344}
--- !u!54 &6389428637040385677
Rigidbody:
  m_ObjectHideFlags: 0
  m_CorrespondingSourceObject: {fileID: 0}
  m_PrefabInstance: {fileID: 0}
  m_PrefabAsset: {fileID: 0}
  m_GameObject: {fileID: 6389428637040385715}
  serializedVersion: 2
  m_Mass: 1
  m_Drag: 0
  m_AngularDrag: 0.05
  m_UseGravity: 1
  m_IsKinematic: 1
  m_Interpolate: 0
  m_Constraints: 0
  m_CollisionDetection: 0
--- !u!1001 &4244404617005459005
PrefabInstance:
  m_ObjectHideFlags: 0
  serializedVersion: 2
  m_Modification:
    m_TransformParent: {fileID: 6389428637040385713}
    m_Modifications:
    - target: {fileID: 7633191943669604095, guid: 77459436eeb3aeb48871d657bcb5fd7f, type: 3}
      propertyPath: m_RootOrder
      value: 0
      objectReference: {fileID: 0}
    - target: {fileID: 7633191943669604095, guid: 77459436eeb3aeb48871d657bcb5fd7f, type: 3}
      propertyPath: m_LocalPosition.x
      value: -0.001
      objectReference: {fileID: 0}
    - target: {fileID: 7633191943669604095, guid: 77459436eeb3aeb48871d657bcb5fd7f, type: 3}
      propertyPath: m_LocalPosition.y
      value: 0.001
      objectReference: {fileID: 0}
    - target: {fileID: 7633191943669604095, guid: 77459436eeb3aeb48871d657bcb5fd7f, type: 3}
      propertyPath: m_LocalPosition.z
      value: -0.035
      objectReference: {fileID: 0}
    - target: {fileID: 7633191943669604095, guid: 77459436eeb3aeb48871d657bcb5fd7f, type: 3}
      propertyPath: m_LocalRotation.w
      value: 0.7071068
      objectReference: {fileID: 0}
    - target: {fileID: 7633191943669604095, guid: 77459436eeb3aeb48871d657bcb5fd7f, type: 3}
      propertyPath: m_LocalRotation.x
      value: 0
      objectReference: {fileID: 0}
    - target: {fileID: 7633191943669604095, guid: 77459436eeb3aeb48871d657bcb5fd7f, type: 3}
      propertyPath: m_LocalRotation.y
      value: 0
      objectReference: {fileID: 0}
    - target: {fileID: 7633191943669604095, guid: 77459436eeb3aeb48871d657bcb5fd7f, type: 3}
      propertyPath: m_LocalRotation.z
      value: 0.7071068
      objectReference: {fileID: 0}
    - target: {fileID: 7633191943669604095, guid: 77459436eeb3aeb48871d657bcb5fd7f, type: 3}
      propertyPath: m_LocalEulerAnglesHint.x
      value: 0
      objectReference: {fileID: 0}
    - target: {fileID: 7633191943669604095, guid: 77459436eeb3aeb48871d657bcb5fd7f, type: 3}
      propertyPath: m_LocalEulerAnglesHint.y
      value: 0
      objectReference: {fileID: 0}
    - target: {fileID: 7633191943669604095, guid: 77459436eeb3aeb48871d657bcb5fd7f, type: 3}
      propertyPath: m_LocalEulerAnglesHint.z
      value: 90
      objectReference: {fileID: 0}
    - target: {fileID: 7636918645134869775, guid: 77459436eeb3aeb48871d657bcb5fd7f, type: 3}
      propertyPath: m_Name
      value: Custom Left Hand Model with Collider
      objectReference: {fileID: 0}
    m_RemovedComponents: []
  m_SourcePrefab: {fileID: 100100000, guid: 77459436eeb3aeb48871d657bcb5fd7f, type: 3}
--- !u!4 &5983502848534493378 stripped
Transform:
  m_CorrespondingSourceObject: {fileID: 7633191943669604095, guid: 77459436eeb3aeb48871d657bcb5fd7f, type: 3}
  m_PrefabInstance: {fileID: 4244404617005459005}
  m_PrefabAsset: {fileID: 0}
--- !u!95 &5929449996086485344 stripped
Animator:
  m_CorrespondingSourceObject: {fileID: 7543112497688889181, guid: 77459436eeb3aeb48871d657bcb5fd7f, type: 3}
  m_PrefabInstance: {fileID: 4244404617005459005}
  m_PrefabAsset: {fileID: 0}
